<collection xmlns="http://www.loc.gov/MARC21/slim">
<record>
  <leader>01090nam0a22002531i 450 </leader>
  <controlfield tag="001">IT\ICCU\CNCE\056309</controlfield>
  <controlfield tag="005">20130603000000.0</controlfield>
  <datafield tag="012" ind1=" " ind2=" ">
    <subfield code="a">uen- a-e- e-u* faex (3) 1587 (R)</subfield>
    <subfield code="2">fei</subfield>
  </datafield>
  <datafield tag="100" ind1=" " ind2=" ">
    <subfield code="a">20040312d1587        0itac0103    ba</subfield>
  </datafield>
  <datafield tag="101" ind1=" " ind2=" ">
    <subfield code="a">LAT</subfield>
  </datafield>
  <datafield tag="102" ind1=" " ind2=" ">
    <subfield code="a">IT</subfield>
  </datafield>
  <datafield tag="200" ind1="1" ind2=" ">
    <subfield code="a">℗Io. Ludouici Viuis, ℗De conscribendis siue componendis epistolis ad idiaqueuma secretis Caroli V</subfield>
  </datafield>
  <datafield tag="210" ind1=" " ind2=" ">
    <subfield code="a">Genuae</subfield>
    <subfield code="d">1587</subfield>
  </datafield>
  <datafield tag="215" ind1=" " ind2=" ">
    <subfield code="a">36 c.</subfield>
    <subfield code="d">8ʻ</subfield>
  </datafield>
  <datafield tag="300" ind1=" " ind2=" ">
    <subfield code="a">Stampata da Gerolamo Bartoli. Cfr.: G. Petti Balbi, Le edizioni genovesi del Cinquecento, p. 102</subfield>
  </datafield>
  <datafield tag="620" ind1=" " ind2=" ">
    <subfield code="a">IT</subfield>
    <subfield code="d">Genova</subfield>
  </datafield>
  <datafield tag="700" ind1=" " ind2="1">
    <subfield code="a">Vives,</subfield>
    <subfield code="b">Juan Luis</subfield>
    <subfield code="3">IT\ICCU\CNCA\006590</subfield>
  </datafield>
  <datafield tag="712" ind1="0" ind2="0">
    <subfield code="a">Bartoli, Girolamo</subfield>
    <subfield code="3">IT\ICCU\CNCT\000017</subfield>
    <subfield code="4">650</subfield>
  </datafield>
  <datafield tag="790" ind1=" " ind2="1">
    <subfield code="a">Vives,</subfield>
    <subfield code="b">Joannes Ludovicus</subfield>
    <subfield code="3">IT\ICCU\CNCA\010249</subfield>
    <subfield code="z">Vives, Juan Luis</subfield>
  </datafield>
  <datafield tag="790" ind1=" " ind2="1">
    <subfield code="a">Vivius,</subfield>
    <subfield code="b">Ioannes</subfield>
    <subfield code="3">IT\ICCU\CNCA\017909</subfield>
    <subfield code="z">Vives, Juan Luis</subfield>
  </datafield>
  <datafield tag="791" ind1="0" ind2="0">
    <subfield code="a">Bartolus, Hieronymus</subfield>
    <subfield code="3">IT\ICCU\CNCT\004302</subfield>
    <subfield code="z">Bartoli, Girolamo</subfield>
  </datafield>
  <datafield tag="791" ind1="0" ind2="0">
    <subfield code="a">Bartoli, Gieronimo</subfield>
    <subfield code="3">IT\ICCU\CNCT\004303</subfield>
    <subfield code="z">Bartoli, Girolamo</subfield>
  </datafield>
  <datafield tag="801" ind1=" " ind2="3">
    <subfield code="a">IT</subfield>
    <subfield code="b">ICCU</subfield>
    <subfield code="c">20201115</subfield>
  </datafield>
  <datafield tag="899" ind1=" " ind2=" ">
    <subfield code="a">Biblioteca civica Ubaldo Mazzini. Fondi antichi. La Spezia</subfield>
    <subfield code="1">SP0110</subfield>
    <subfield code="2">LI2 L8</subfield>
  </datafield>
</record>
</collection>
